@misc{misc_human_activity_recognition_using_smartphones_240,
  author       = {Reyes-Ortiz, Jorge and Anguita, Davide and Ghio, Alessandro and Oneto, Luca and Parra, Xavier},
  title        = {Human Activity Recognition Using Smartphones},
  year         = {2012},
  howpublished = {UCI Machine Learning Repository},
  note         = {DOI: https://doi.org/10.24432/C54S4K}
}

@misc{youtube_recording_of_the_experiment_240,
  author = {Ortiz, Jorge Luis Reyes},
  title = {{Activity Recognition Experiment Using Smartphone Sensors.}},
  journal = {YouTube},
  year = {2012},
  month = oct,
  publisher = {Youtube},
  note = {[Online; accessed 25. Nov. 2023]},
  url = {https://www.youtube.com/watch?v=XOEN9W05_4A}
}

@article{matplot,
  Author    = {Hunter, J. D.},
  Title     = {Matplotlib: A 2D graphics environment},
  Journal   = {Computing in Science \& Engineering},
  Volume    = {9},
  Number    = {3},
  Pages     = {90--95},
  abstract  = {Matplotlib is a 2D graphics package used for Python for
  application development, interactive scripting, and publication-quality
  image generation across user interfaces and operating systems.},
  publisher = {IEEE COMPUTER SOC},
  doi       = {10.1109/MCSE.2007.55},
  year      = 2007
}

@article{seaborn,
  doi = {10.21105/joss.03021},
  url = {https://doi.org/10.21105/joss.03021},
  year = {2021},
  publisher = {The Open Journal},
  volume = {6},
  number = {60},
  pages = {3021},
  author = {Michael L. Waskom},
  title = {seaborn: statistical data visualization},
  journal = {Journal of Open Source Software}
}

@software{reback2020pandas,
  author       = {The pandas development team},
  title        = {pandas-dev/pandas: Pandas},
  month        = feb,
  year         = 2020,
  publisher    = {Zenodo},
  version      = {2.1.3},
  doi          = {10.5281/zenodo.3509134},
  url          = {https://doi.org/10.5281/zenodo.3509134}
}

@article{scikit-learn,
  title={Scikit-learn: Machine Learning in {P}ython},
  author={Pedregosa, F. and Varoquaux, G. and Gramfort, A. and Michel, V.
         and Thirion, B. and Grisel, O. and Blondel, M. and Prettenhofer, P.
         and Weiss, R. and Dubourg, V. and Vanderplas, J. and Passos, A. and
         Cournapeau, D. and Brucher, M. and Perrot, M. and Duchesnay, E.},
  journal={Journal of Machine Learning Research},
  volume={12},
  pages={2825--2830},
  year={2011}
}

@misc{ChatGPT2023,
  author = {{OpenAI}},
  title = {{Chat Generative Pre-trained Transformer (ChatGPT)}},
  year = {2023},
  note = {Accessed: Nov. 25, 2023; Version: 4},
  url = {https://www.openai.com/chatgpt}
}

@article{zhao2018deep,
  title={Deep residual bidir-LSTM for human activity recognition using wearable sensors},
  author={Zhao, Yu and Yang, Rennong and Chevalier, Guillaume and Xu, Ximeng and Zhang, Zhenxing},
  journal={Mathematical Problems in Engineering},
  volume={2018},
  pages={1--13},
  year={2018},
  publisher={Hindawi Limited}
}

@article{creagh2021dcnn,
  title={Interpretable deep learning for the remote characterisation of ambulation in multiple sclerosis using smartphones},
  author={Creagh, Andrew P and Lipsmeier, Florian and Lindemann, Michael and Vos, Maarten De},
  journal={Scientific Reports},
  volume={11},
  number={1},
  pages={14301},
  year={2021},
  publisher={Nature Publishing Group UK London}
}

@article{dennis2018emirnn,
  title={Multiple instance learning for efficient sequential data classification on resource-constrained devices},
  author={Dennis, Don and Pabbaraju, Chirag and Simhadri, Harsha Vardhan and Jain, Prateek},
  journal={Advances in Neural Information Processing Systems},
  volume={31},
  year={2018}
}

@article{gu2021survey,
  title={A survey on deep learning for human activity recognition},
  author={Gu, Fuqiang and Chung, Mu-Huan and Chignell, Mark and Valaee, Shahrokh and Zhou, Baoding and Liu, Xue},
  journal={ACM Computing Surveys (CSUR)},
  volume={54},
  number={8},
  pages={1--34},
  year={2021},
  publisher={ACM New York, NY}
}

@article{Brownlee2019mlmastery,
	author = {Brownlee, Jason},
	title = {{Deep Learning Models for Human Activity Recognition - MachineLearningMastery.com}},
	journal = {MachineLearningMastery},
	year = {2019},
	month = aug,
	url = {https://machinelearningmastery.com/deep-learning-models-for-human-activity-recognition}
}

@misc{pailaGithub,
  author = {Paila, Uday Bhaskara Rao},
  title = {Human Activity Recognition Using Deep Learning},
  year = {2018},
  publisher = {GitHub},
  journal = {GitHub repository},
  howpublished = {\url{https://github.com/UdiBhaskar/Human-Activity-Recognition--Using-Deep-NN}},
}

@misc{watanabeGitHub,
  author = {Watanabe, Takumi},
  title = {Deep Learning (and Machine Learning) for Human Activity Recognition},
  year = {2020},
  publisher = {GitHub},
  journal = {GitHub repository},
  howpublished = {\url{https://github.com/takumiw/Deep-Learning-for-Human-Activity-Recognition}},
}

@misc{bradwayGitHub,
  author = {Bradway, David and Himmetoglu, Burak},
  title = {Human Activity Recognition (HAR)},
  year = {2017},
  publisher = {GitHub},
  journal = {GitHub repository},
  howpublished = {\url{https://github.com/takumiw/Deep-Learning-for-Human-Activity-Recognition}},
}